@article{lian2020summer,
  title={Summer soil drying exacerbated by earlier spring greening of northern vegetation},
  author={Lian, Xu and Piao, Shilong and Li, Laurent ZX and Li, Yue and Huntingford, Chris and Ciais, Philippe and Cescatti, Alessandro and Janssens, Ivan A and Pe{\~n}uelas, Josep and Buermann, Wolfgang and others},
  journal={Science advances},
  volume={6},
  number={1},
  pages={eaax0255},
  year={2020},
  publisher={American Association for the Advancement of Science}
}

@article{caparros2021land,
  title={Land surface phenology as indicator of global terrestrial ecosystem dynamics: A systematic review},
  author={Caparros-Santiago, Jose A and Rodriguez-Galiano, Victor and Dash, Jadunandan},
  journal={ISPRS Journal of Photogrammetry and Remote Sensing},
  volume={171},
  pages={330--347},
  year={2021},
  publisher={Elsevier}
}

@article{ding2020global,
  title={Global analysis of time-lag and-accumulation effects of climate on vegetation growth},
  author={Ding, Yongxia and Li, Zhi and Peng, Shouzhang},
  journal={International Journal of Applied Earth Observation and Geoinformation},
  volume={92},
  pages={102179},
  year={2020},
  publisher={Elsevier}
}

@article{liu2022soil,
  title={Soil moisture determines the effects of climate warming on spring phenology in grasslands},
  author={Liu, Zunchi and Fu, Yongshuo H and Shi, Xinrong and Lock, T Ryan and Kallenbach, Robert L and Yuan, Zhiyou},
  journal={Agricultural and Forest Meteorology},
  volume={323},
  pages={109039},
  year={2022},
  publisher={Elsevier}
}

@article{wang2023earlier,
  title={Earlier leaf senescence dates are constrained by soil moisture},
  author={Wang, Xiaoyue and Wu, Chaoyang and Liu, Ying and Pe{\~n}uelas, Josep and Peng, Jie},
  journal={Global Change Biology},
  volume={29},
  number={6},
  pages={1557--1573},
  year={2023},
  publisher={Wiley Online Library}
}

@article{liu2024soil,
  title={Soil temperature dominates forest spring phenology in China},
  author={Liu, Yuxin and Liu, Xianfeng and Fu, Zheng and Zhang, Donghai and Liu, Liyang},
  journal={Agricultural and Forest Meteorology},
  volume={355},
  pages={110141},
  year={2024},
  publisher={Elsevier}
}

@article{currier2022precipitation,
  title={Precipitation versus temperature as phenology controls in drylands},
  author={Currier, Courtney M and Sala, Osvaldo E},
  journal={Ecology},
  volume={103},
  number={11},
  pages={e3793},
  year={2022},
  publisher={Wiley Online Library}
}

@article{lu2023contrasting,
  title={Contrasting responses of early-and late-season plant phenophases to altered precipitation},
  author={Lu, Chunyan and Zhang, Juanjuan and Min, Xueting and Chen, Jianghui and Huang, Yixuan and Zhao, Hongfang and Yan, Tao and Liu, Xiang and Wang, Hao and Liu, Huiying},
  journal={Oikos},
  volume={2023},
  number={5},
  pages={e09829},
  year={2023},
  publisher={Wiley Online Library}
}

@article{castillioni2022effects,
  title={Effects of drought on grassland phenology depend on functional types},
  author={Castillioni, Karen and Newman, Gregory S and Souza, Lara and Iler, Amy M},
  journal={New Phytologist},
  volume={236},
  number={4},
  pages={1558--1571},
  year={2022},
  publisher={Wiley Online Library}
}

@article{xiong2024decreasing,
  title={Decreasing temperature sensitivity of spring phenology decelerates the advance of spring phenology in northern temperate and boreal forests},
  author={Xiong, Tao and Du, Shihong and Zhang, Hongyan and Zhang, Xiuyuan},
  journal={Ecological Indicators},
  volume={161},
  pages={111983},
  year={2024},
  publisher={Elsevier}
}

@article{li2024china,
  title={China's subtropical deciduous plants are more sensitive to climate change than evergreen plants by flowering phenology},
  author={Li, Hong-Li and Ali, Arshad and Luo, Xu and Liao, Ke and Sun, Nan and Xu, Ming-Shan and Sha, Long-Bin and He, Dong and Du, Yan-Jun and Sun, Wei-Wei and others},
  journal={Global Change Biology},
  volume={30},
  number={2},
  pages={e17168},
  year={2024},
  publisher={Wiley Online Library}
}

@article{zhou2023climate,
  title={Climate warming interacts with other global change drivers to influence plant phenology: A meta-analysis of experimental studies},
  author={Zhou, Huimin and Min, Xueting and Chen, Jianghui and Lu, Chunyan and Huang, Yixuan and Zhang, Zhenhua and Liu, Huiying},
  journal={Ecology Letters},
  volume={26},
  number={8},
  pages={1370--1381},
  year={2023},
  publisher={Wiley Online Library}
}